@String{rmf = "Revista Mexicana de F\'{\i}sica"}
@String{nm = "Nature Materials"}
@String{josaa = "J. Opt. Soc. Am. A"}
@String{josab = "J. Opt. Soc. Am. B"}
@String{josa = "J. Opt. Soc. Am."}
@String{prb = "Phys. Rev. B"}
@String{pra = "Phys. Rev. A"}
@String{prl = "Phys. Rev. Lett."}
@String{pre = "Phys. Rev. E"}
@String{ao = "Appl. Opt."}
@String{ol = "Opt. Lett."}
@String{jcp = "J. Chem. Phys."}
@String{jpc = "J. Phys.Chem"}
@String{jpcb = "J. Phys. Chem. B."}
@String{jap = "J. Appl. Phys."}
@String{ap = "Appl. Phys."}
@String{ieeet = "IEEE. Trans. Microw. Theory Tech."}






























@article{sipePRB00,
	title = {Second-order optical response in semiconductors},
	volume = {61},
	pages = {5337},
	number = {8},
	journal = prb,
	author = {Sipe, J. E. and Shkrebtii, A. I.},
	year = {2000}
}













@book{ashcroft,
	location = {Saunders College, Philadelphia},
	title = {Solid State Physics},
	author = {Ashcroft, Neil W. and Mermin, N. David},
	year = {1976}
}

@mvbook{jackson,
	location = {New York},
	edition = {2},
	title = {Classical Electrodynamics},
	volume = {30},
	publisher = {John Wiley \& Sons},
	author = {Jackson, J. D.},
	year = {1975}
}

@book{mendozaEPI01,
	title = {Epioptics 2000, Ed. A. Cricenti},
	publisher = {World Scientific},
	author = {Mendoza, B. S.},
	year = {2001}
}

@Misc{francesco,
	OPTkey = 	 {},
	author = 	 {V. Olevano and L. Reining and F. Sottile},
	OPTtitle = 	 {},
	OPThowpublished = {},
	OPTmonth = 	 {},
	OPTyear = 	 {},
	OPTannote = 	 {}
}

@Misc{olevano,
	author = 	 {Valerio Olevano},
	OPTtitle = 	 {},
	OPThowpublished = {},
	OPTmonth = 	 {},
	OPTyear = 	 {},
	note = 	 {Private communication},
	OPTannote = 	 {}
}

@Misc{valerie,
	author = 	 {Val\'erie V\'eniard},
	OPTtitle = 	 {},
	OPThowpublished = {},
	OPTmonth = 	 {},
	OPTyear = 	 {},
	note = 	 {Private communication.},
	OPTannote = 	 {}
}



@article{sanoPRB02,
  author = 	 {H. Sano and G. Mizutani and W. Wolf and R. PodLoucky},
  title = 	 {},
  journal = 	 prb,
  year = 	 {2002},
  OPTkey = 	 {},
  volume = 	 {66},
  OPTnumber = 	 {},
  pages = 	 {195338},
  OPTmonth = 	 {},
  OPTnote = 	 {},
  OPTannote = 	 {}
}

@Misc{nicolaspc,
  OPTkey = 	 {},
  OPTauthor = 	 {},
  OPTtitle = 	 {},
  OPThowpublished = {},
  OPTmonth = 	 {},
  OPTyear = 	 {},
  note = 	 {Nicolas Tancogne-Dejean private communication. 
Indeed, one can compute the layered contribution of the non-local contribution to $\mathbf{v}$ with an analytic expression. 
However, one needs to compute this within the DP code.},
  OPTannote = 	 {}
}


@article{troullierPRB91,
	title = {Efficient pseudopotentials for plane-wave calculations},
	volume = {43},
	doi = {10.1103/PhysRevB.43.1993},
	number = {3},
	urldate = {2014-11-16},
	journal = prb,
	author = {Troullier, N. and Martins, J.L.},
	month = jan,
	year = {1991},
	pages = {1993-2006}
}







@article{sharmaPRB03,
	title = {Linear and second-order optical response of {III}-V monolayer superlattices},
	volume = {67},
	issn = {0163-1829, 1095-3795},
	doi = {10.1103/PhysRevB.67.165332},
	language = {en},
	number = {16},
	urldate = {2014-11-15},
	journal = prb,
	author = {Sharma, S. and Dewhurst, J. and Ambrosch-Draxl, C.},
	month = apr,
	year = {2003}
}











@article{shenAPB99,
	title = {Surface contribution versus bulk contribution in surface nonlinear optical spectroscopy},
	volume = {68},
	number = {3},
	urldate = {2013-01-07},
	journal = {Applied Physics B: Lasers and Optics},
	author = {Shen, Y. R.},
	year = {1999},
	pages = {295-300}
}

@article{shenNAT89,
	title = {Surface properties probed by second-harmonic and sum-frequency generation},
	volume = {337},
	issn = {0028-0836},
	doi = {10.1038/337519a0},
	number = {6207},
	urldate = {2013-02-10},
	journal = {Nature},
	author = {Shen, Y. R.},
	month = feb,
	year = {1989},
	pages = {519-525}
}






@article{sipePRB93,
	title = {Nonlinear optical response of semiconductors in the independent-particle approximation},
	volume = {48},
	doi = {10.1103/PhysRevB.48.11705},
	number = {16},
	urldate = {2013-01-27},
	journal = prb,
	author = {Sipe, J. E. and Ghahramani, Ed},
	year = {1993},
	pages = {11705-11722}
}



@Misc{abinit,
  	OPTkey = 	 {},
  	OPTauthor = 	 {},
  	OPTtitle = 	 {},
  	OPThowpublished = {},
  	OPTmonth = 	 {},
  	OPTyear = 	 {},
  	note = 	 {The ABINIT code is a common project of the Universit\`e Catholique de Louvain, 
Corning Incorporated, and other contributors (URL http://www.abinit.org).
X. Gonze, et al. Computational Materials Science, {\bf 25}, 478 (2002); 
X. Gonze, et al., Zeit. Crystallogr, {\bf 220}, 558 (2005).}
}



@article{trollePRB14,
	author = 	 {Mads L. Trolle and Gotthard Seifert and Thomas G. Pedersen},
	title = 	 {Theory of excitonic second-harmonic generation in monolayer MoS$_2$},
	journal = 	 prb,
	year = 	 {2014},
	OPTkey = 	 {},
	volume = 	 {89},
	OPTnumber = 	 {},
	pages = 	 {235410}
}

@Misc{nota1,
  	note ={The half-slab layer extends to the middle of the vacuum region between consecutive (front-back or back-front) surfaces of the repeated super cell scheme.}
}

@Misc{nota3,
  	note ={In Ref.~\onlinecite{hoganPRB03}, a non hermitian operator was used in the context of linear optical response.}
}


@article{rholfingPRB95,
	author = 	 {Michael Rohlfing and  Peter Kr\"uger and Johannes Pollmann},
	title = 	 {EfBcient scheme for G'R quasiparticle band-structure calculations with applications to bulk Si and to the Si(001)-(2X1) surface},
	journal = 	 prb,
	year = 	 {1995},
	OPTkey = 	 {},
	volume = 	 {52},
	OPTnumber = 	 {},
	pages = 	 {1905}
}






















@article{suzukiAPB99,
	title = {Surface second-harmonic generation spectra of Si (111)-7x7 in the—1.0 1.7 {eV} fundamental photon energy},
	volume = {68},
	number = {3},
	urldate = {2013-01-07},
	journal = {Applied Physics B: Lasers and Optics},
	author = {Suzuki, T. and Milovzorov, D. E. and Kogo, S. and Tsukakoshi, M. and Aono, M.},
	year = {1999},
	pages = {623-627}
}



@article{zheltikovLP00,
	title = {On the far-and near-field optical microscopy of microelectronics structures using second-harmonic and Sum-Frequency Generation},
	volume = {10},
	number = {2},
	urldate = {2014-11-19},
	journal = {Laser Physics},
	author = {Zheltikov, A. M. and Ferrante, G. and Zarcone, M.},
	year = {2000},
	pages = {600-602}
}

@article{salazar-aparicioPRB14,
	title = {Molecular hydrogen physisorption on boron-nitride nanotubes probed by second harmonic generation},
	volume = {90},
	doi = {10.1103/PhysRevB.90.155403},
	number = {15},
	urldate = {2014-11-19},
	journal = prb,
	author = {Salazar-Aparicio, R. V. and Vázquez-Nava, R. A. and Arzate, N. and Mendoza, B. S.},
	month = oct,
	year = {2014},
	pages = {155403}
}




@Misc{beyond,
  note = {For bulk calculations schemes of the SH susceptibility tensor beyond the independent particle approximation see for instance
R. Leitsmann, W. Schmidt, P. Hahn, and F. Bechstedt, Phys. Rev. B {\bf 71}, 195209;
Eleonora Luppi and Hannes H\"ubener and Val\'erie V\'eniard, Phys. Rev. B {\bf 82}, 235201 (2010);
Eleonora Luppi and Hannes H\"ubener and Val\'erie V\'eniard, J. Chem. Phys.  {\bf 132}, 241104 (2010);
Hannes H\"ubener and Eleonora Luppi and Val\'erie V\'eniard, Phys. Rev. B {\bf 83}, 115205 (2011);
Mads L. Trolle and Gotthard Seifert and Thomas G. Pedersen, Phys. Rev. B {\bf 89}, 235410 (2014).
 }
}




