@article{adamsJCP53,
    title = {The Crystal Momentum as a Quantum Mechanical Operator},
    volume = {21},
    issn = {0021-9606, 1089-7690},
    doi = {10.1063/1.1698734},
    number = {11},
    urldate = {2014-05-16},
    journal = {The Journal of Chemical Physics},
    author = {Adams, E. N.},
    month = nov,
    year = {1953},
    pages = {2013-2017}
}

@article{adolphPRB96,
    title = {Nonlocality and many-body effects in the optical properties of semiconductors},
    volume = {53},
    doi = {10.1103/PhysRevB.53.9797},
    pages = {9797-9808},
    number = {15},
    journal = prb,
    author = {Adolph, B. and Gavrilenko, V. I. and Tenelsen, K. and Bechstedt, F. and Del Sole, R.},
    year = {1996}
}

@article{adolphPRB98,
    title = {Ab initio second-harmonic susceptibilities of semiconductors: Generalized tetrahedron method and quasiparticle effects},
    volume = {57},
    shorttitle = {Ab initio second-harmonic susceptibilities of semiconductors},
    doi = {10.1103/PhysRevB.57.6519},
    number = {11},
    urldate = {2014-04-30},
    journal = prb,
    author = {Adolph, B. and Bechstedt, F.},
    month = mar,
    year = {1998},
    pages = {6519-6526}
}

@article{arzatePRB01,
    title = {Microscopic study of surface second-harmonic generation from a clean Si(100) c(4×2) surface},
    volume = {63},
    doi = {10.1103/PhysRevB.63.125303},
    pages = {125303},
    number = {12},
    journal = prb,
    author = {Arzate, N. and Mendoza, Bernardo S.},
    year = {2001}
}

@article{asahiPRB00,
    author = {R. Asahi and W. Mannstadt and A. J. Freeman},
    title = {Screened-exchange LDA methods for films and superlattices with applications to the Si(100)2x1 surface and InAsÕInSb superlattices},
    journal = prb,
    year = {2000},
    OPTkey = {},
    volume = {62},
    OPTnumber = {},
    pages = {2552}
}

@article{aspnesPRB72,
    title = {Energy-Band Theory of the Second-Order Nonlinear Optical Susceptibility of Crystals of Zinc-Blende Symmetry},
    volume = {6},
    doi = {10.1103/PhysRevB.6.4648},
    number = {12},
    urldate = {2014-11-15},
    journal = prb,
    author = {Aspnes, D. E.},
    month = dec,
    year = {1972},
    pages = {4648-4659}
}

@article{aversaPRB95,
    title = {Nonlinear optical susceptibilities of semiconductors: Results with a length-gauge analysis},
    volume = {52},
    doi = {10.1103/PhysRevB.52.14636},
    shorttitle = {Nonlinear optical susceptibilities of semiconductors},
    pages = {14636-14645},
    number = {20},
    journal = prb,
    author = {Aversa, Claudio and Sipe, J. E.},
    year = {1995}
}

@article{bloembergenAPB99,
    title = {Surface nonlinear optics: a historical overview},
    volume = {68},
    shorttitle = {Surface nonlinear optics},
    number = {3},
    urldate = {2013-01-07},
    journal = {Applied Physics B: Lasers and Optics},
    author = {Bloembergen, N.},
    year = {1999},
    pages = {289-293}
}

@article{blountSSP62,
    title = {Solid State Physics},
    volume = {13},
    pages = {305},
    journal = {Advances in Research and Applications},
    author = {Blount, E. I. and Seitz, F. and Turnbull, D.},
    year = {1962}
}

@article{butcherPOPS63,
    title = {The non-linear constitutive relation in solids at optical frequencies},
    volume = {81},
    number = {2},
    urldate = {2014-11-15},
    journal = {Proceedings of the Physical Society},
    author = {Butcher, P. N. and McLean, T. P.},
    year = {1963},
    pages = {219}
}

@article{cabellosPRB09,
    title = {Effects of nonlocality on second-harmonic generation in bulk semiconductors},
    volume = {80},
    issn = {1098-0121, 1550-235X},
    doi = {10.1103/PhysRevB.80.155205},
    pages = {155205},
    number = {15},
    journal = prb,
    author = {Cabellos J. and Mendoza, Bernardo and Escobar, M. and Nastos, F. and Sipe, J.},
    year = {2009}
}

@article{caramellaPRB09,
    title = {High-resolution electron energy loss spectra of reconstructed Si(100) surfaces: First-principles study},
    author = {Caramella, Lucia and Hogan, Conor and Onida, Giovanni and Del Sole, Rodolfo},
    journal = prb,
    volume = {79},
    issue = {15},
    pages = {155447},
    numpages = {10},
    year = {2009},
    month = {Apr},
    publisher = {American Physical Society},
    doi = {10.1103/PhysRevB.79.155447},
}

@article{castilloPRB03,
    title = {Layer-by-layer analysis of surface reflectance anisotropy in semiconductors},
    volume = {68},
    doi = {10.1103/PhysRevB.68.041310},
    pages = {041310},
    number = {4},
    journal = prb,
    author = {Castillo, C. and Mendoza, Bernardo S. and Schmidt, W. G. and Hahn, P. H. and Bechstedt, F.},
    year = {2003}
}

@article{cazzanelliNM14,
    author = {M. Cazzanelli and F. Bianco and E. Borga and G. Pucker and M. Ghulinyan and E. Degoli and E. Luppi and V. Ve\'eniard and S. Ossicini and D. Modotto and S. Wabnitz and R. Pierobon and L. Pavesi},
    title = {Second-harmonic generation in silicon waveguides strained by silicon nitride},
    journal = nm,
    year = {2014},
    volume= {11},
    pages = {148}
}

@article{chenPRL81,
    title = {Surface-Enhanced Second-Harmonic Generation},
    volume = {46},
    doi = {10.1103/PhysRevLett.46.145},
    number = {2},
    urldate = {2013-02-12},
    journal = prl,
    author = {Chen, C. K. and de Castro, A. R. B. and Shen, Y. R.},
    month = jan,
    year = {1981},
    pages = {145-148}
}

@article{ciniPRB91,
    title = {Simple model of electric-dipole second-harmonic generation from interfaces},
    volume = {43},
    doi = {10.1103/PhysRevB.43.4792},
    pages = {4792-4802},
    number = {6},
    journal = prb,
    author = {Cini, Michele},
    year = {1991}
}

@article{dadapPRB97,
    title = {Second-harmonic spectroscopy of a Si (001) surface during calibrated variations in temperature and hydrogen coverage},
    volume = {56},
    number = {20},
    urldate = {2013-01-21},
    journal = prb,
    author = {Dadap, J. I. and Xu, Z. and Hu, X. F. and Downer, M. C. and Russell, N. M. and Ekerdt, J. G. and Aktsipetrov, O. A.},
    year = {1997},
    pages = {13367}
}

@article{daumPRL93,
    title = {Identification of strained silicon layers at Si-{SiO}\_\{2\} interfaces and clean Si surfaces by nonlinear optical spectroscopy},
    volume = {71},
    doi = {10.1103/PhysRevLett.71.1234},
    number = {8},
    urldate = {2013-02-12},
    journal = {Phys. Rev. Lett.},
    author = {Daum, W. and Krause, H.-J. and Reichel, U. and Ibach, H.},
    month = aug,
    year = {1993},
    pages = {1234-1237}
}

@article{downerPSSA01,
    title = {Optical Second Harmonic Spectroscopy of Silicon Surfaces, Interfaces and Nanocrystals},
    volume = {188},
    copyright = {© 2001 {WILEY}-{VCH} Verlag Berlin {GmbH}, Fed. Rep. of Germany},
    issn = {1521-396X},
    doi = {10.1002/1521-396X(200112)188:4<1371::AID-PSSA1371>3.0.CO;2-U},
    language = {en},
    number = {4},
    urldate = {2013-02-10},
    journal = {physica status solidi (a)},
    author = {Downer, M.c. and Jiang, Y. and Lim, D. and Mantese, L. and Wilson, P.t. and Mendoza, B.s. and Gavrilenko, V.i.},
    year = {2001},
    pages = {1371-1381}
}

@article{downerSIA01,
    title = {Optical second harmonic spectroscopy of semiconductor surfaces: advances in microscopic understanding},
    volume = {31},
    shorttitle = {Optical second harmonic spectroscopy of semiconductor surfaces},
    pages = {966–986},
    number = {10},
    journal = {Surface and interface analysis},
    author = {Downer, M. C. and Mendoza, B. S. and Gavrilenko, V. I.},
    year = {2001}
}

@article{fuchsCPC99,
    title = {Ab initio pseudopotentials for electronic structure calculations of poly-atomic systems using density-functional theory},
    volume = {119},
    issn = {0010-4655},
    doi = {10.1016/S0010-4655(98)00201-X},
    number = {1},
    urldate = {2014-11-16},
    journal = {Computer Physics Communications},
    author = {Fuchs, Martin and Scheffler, Matthias},
    month = jun,
    year = {1999},
    pages = {67-98}
}

@article{garciaCPC01,
    title = {{GW} self-energy calculations for surfaces and interfaces},
    volume = {137},
    issn = {0010-4655},
    doi = {10.1016/S0010-4655(01)00174-6},
    number = {1},
    urldate = {2014-11-20},
    journal = {Computer Physics Communications},
    author = {Garcı́a-González, P. and Godby, R. W.},
    month = jun,
    year = {2001},
    pages = {108-122}
}

@article{gavrilenkoTSF00,
    title = {Optical second harmonic spectra of silicon-adatom surfaces: theory and experiment},
    volume = {364},
    issn = {0040-6090},
    doi = {10.1016/S0040-6090(99)00900-1},
    shorttitle = {Optical second harmonic spectra of silicon-adatom surfaces},
    pages = {1-5},
    number = {1},
    journal = {Thin Solid Films},
    author = {Gavrilenko, V. I and Wu, R. Q and Downer, M. C and Ekerdt, J. G and Lim, D and Parkinson, P},
    year = {2000}
}

@article{ghahramaniPRB91,
    title = {Full-band-structure calculation of second-harmonic generation in odd-period strained (Si)n/(Ge)n superlattices},
    volume = {43},
    doi = {10.1103/PhysRevB.43.8990},
    number = {11},
    urldate = {2014-11-15},
    journal = prb,
    author = {Ghahramani, Ed and Moss, D. J. and Sipe, J. E.},
    month = apr,
    year = {1991},
    pages = {8990-9002}
}

@article{godefroyAPL96,
    title = {Electric field induced second harmonic generation spectroscopy on a metal-oxide-silicon structure},
    volume = {68},
    number = {14},
    urldate = {2013-01-07},
    journal = {Applied physics letters},
    author = {Godefroy, P. and De Jong, W. and Van Hasselt, C. W. and Devillers, M. A. C. and Rasing, T.},
    year = {1996},
    pages = {1981-1983}
}

@article{gordienkoRPJ04,
    title = {Influence of the Pseudopotential Nonlocality on the Calculated Optical Characteristics of Crystals},
    volume = {47},
    issn = {1064-8887, 1573-9228},
    doi = {10.1023/B:RUPJ.0000049740.43599.0c},
    language = {en},
    number = {7},
    urldate = {2014-11-20},
    journal = {Russian Physics Journal},
    author = {Gordienko, A. B. and Poplavnoi, A. S.},
    month = jul,
    year = {2004},
    keywords = {Applied Optics, Optoelectronics, Optical Devices, Condensed Matter, Mathematical and Computational Physics, Nuclear Physics, Heavy Ions, Hadrons, Physics, general},
    pages = {687-691}
}

@article{guyotPRB88,
    title = {Bulk contribution in surface second-harmonic generation},
    volume = {38},
    doi = {10.1103/PhysRevB.38.7985},
    number = {12},
    urldate = {2013-02-12},
    journal = prb,
    author = {Guyot-Sionnest, P. and Shen, Y. R.},
    month = oct,
    year = {1988},
    pages = {7985-7989}
}

@article{guyotPRB90,
    title = {Electronic distribution and nonlinear optical response at the metal-electrolyte interface},
    volume = {64},
    doi = {10.1103/PhysRevLett.64.1678},
    pages = {1678-1681},
    number = {14},
    journal = prl,
    author = {Guyot-Sionnest, P. and Tadjeddine, A. and Liebsch, A.},
    year = {1990}
}

@article{hoferAPA96,
    title = {Nonlinear optical investigations of the dynamics of hydrogen interaction with silicon surfaces},
    volume = {63},
    issn = {0947-8396, 1432-0630},
    doi = {10.1007/BF01567209},
    language = {en},
    number = {6},
    urldate = {2014-11-19},
    journal = {Appl. Phys. A},
    author = {Höfer, U.},
    month = dec,
    year = {1996},
    pages = {533-547}
}

@article{hoganPRB03,
    title = {Optical properties of real surfaces from microscopic calculations of the dielectric function of finite atomic slabs},
    volume = {68},
    doi = {10.1103/PhysRevB.68.035405},
    pages = {035405},
    number = {3},
    journal = prb,
    author = {Hogan, Conor and Del Sole, Rodolfo and Onida, Giovanni},
    year = {2003}
}

@article{hubenerPRB11,
    author = {Hannes H\"ubener and Eleonora Luppi and Val\'rie V\'eniard},
    title = {Ab initio calculation of many-body effects on the second-harmonic generation spectra of hexagonal SiC polytypes},
    journal = prb,
    year = {2011},
    volume = {83},
    pages = {115205}
}

@article{hughesPRB96,
    title = {Calculation of second-order optical response in semiconductors},
    volume = {53},
    number = {16},
    urldate = {2013-01-13},
    journal = prb,
    author = {Hughes, J. L. P. and Sipe, J. E.},
    year = {1996},
    pages = {10751}
}

@article{hybertsenPRB86,
    title = {Electron correlation in semiconductors and insulators: Band gaps and quasiparticle energies},
    volume = {34},
    shorttitle = {Electron correlation in semiconductors and insulators},
    doi = {10.1103/PhysRevB.34.5390},
    number = {8},
    urldate = {2014-11-19},
    journal = {Physical Review B},
    author = {Hybertsen, Mark S. and Louie, Steven G.},
    month = oct,
    year = {1986},
    pages = {5390-5413}
}

@article{ismailPRL01,
    title = {Coupling of Nonlocal Potentials to Electromagnetic Fields},
    volume = {87},
    doi = {10.1103/PhysRevLett.87.087402},
    number = {8},
    urldate = {2014-05-05},
    journal = {Physical Review Letters},
    author = {Ismail-Beigi, Sohrab and Chang, Eric K. and Louie, Steven G.},
    month = aug,
    year = {2001},
    pages = {087402}
}

@article{kleinmanPRL82,
    title = {Efficacious Form for Model Pseudopotentials},
    volume = {48},
    doi = {10.1103/PhysRevLett.48.1425},
    pages = {1425-1428},
    number = {20},
    journal = prl,
    author = {Kleinman, Leonard and Bylander, D. M.},
    year = {1982}
}

@article{kohnPR65,
    title = {Self-Consistent Equations Including Exchange and Correlation Effects},
    volume = {140},
    doi = {10.1103/PhysRev.140.A1133},
    number = {4A},
    urldate = {2012-10-03},
    journal = {Physical Review},
    author = {Kohn, W. and Sham, L. J.},
    month = nov,
    year = {1965},
    pages = {A1133-A1138}
}

@article{lambrechtPSSB00,
    title = {From Band Structures to Linear and Nonlinear Optical Spectra in Semiconductors},
    volume = {217},
    rights = {© 2000 {WILEY}-{VCH} Verlag Berlin {GmbH}, Fed. Rep. of Germany},
    issn = {1521-3951},
    doi = {10.1002/(SICI)1521-3951(200001)217:1<599::AID-PSSB599>3.0.CO;2-O},
    pages = {599-640},
    number = {1},
    journal = {physica status solidi (b)},
    author = {Lambrecht, W.r.l. and Rashkeev, S.n.},
    year = {2000},
    langid = {english}
}

@article{leitsmannPRB05,
    title = {Second-harmonic polarizability including electron-hole attraction from band-structure theory},
    volume = {71},
    pages= {195209},
    issn = {1098-0121, 1550-235X},
    doi = {10.1103/PhysRevB.71.195209},
    language = {en},
    number = {19},
    urldate = {2014-11-15},
    journal = prb,
    author = {Leitsmann, R. and Schmidt, W. and Hahn, P. and Bechstedt, F.},
    year = {2005}
}

@article{levinePRB94,
    title = {Optical second-harmonic susceptibilities: Frequency-dependent formulation with results for {GaP} and {GaAs}},
    volume = {49},
    shorttitle = {Optical second-harmonic susceptibilities},
    doi = {10.1103/PhysRevB.49.4532},
    number = {7},
    urldate = {2013-02-12},
    journal = prb,
    author = {Levine, Zachary H.},
    month = feb,
    year = {1994},
    pages = {4532-4538}
}

@article{levinePRL89,
    title = {Linear optical response in silicon and germanium including self-energy effects},
    volume = {63},
    doi = {10.1103/PhysRevLett.63.1719},
    number = {16},
    urldate = {2014-11-19},
    journal = {Phys. Rev. Lett.},
    author = {Levine, Zachary H. and Allan, Douglas C.},
    month = oct,
    year = {1989},
    pages = {1719-1722}
}

@article{levinePRL91,
    title = {Quasiparticle calculation of the dielectric response of silicon and germanium},
    volume = {43},
    doi = {10.1103/PhysRevB.43.4187},
    number = {5},
    urldate = {2014-11-19},
    journal = prb,
    author = {Levine, Zachary H. and Allan, Douglas C.},
    month = feb,
    year = {1991},
    pages = {4187-4207}
}

@article{limPRB00,
    title = {Optical second harmonic spectroscopy of boron-reconstructed Si (001)},
    volume = {84},
    pages = {3406–3409},
    number = {15},
    journal = prl,
    author = {Lim, D. and Downer, M. C. and Ekerdt, J. G. and Arzate, N. and Mendoza, B. S. and Gavrilenko, V. I. and Wu, R. Q.},
    year = {2000}
}

@article{luceroJPCM12,
    title = {Improved semiconductor lattice parameters and band gaps from a middle-range screened hybrid exchange functional},
    volume = {24},
    issn = {0953-8984},
    doi = {10.1088/0953-8984/24/14/145504},
    language = {en},
    number = {14},
    urldate = {2014-11-19},
    journal = {J. Phys.: Condens. Matter},
    author = {Lucero, M. J. and Henderson, T. M. and Scuseria, G. E.},
    month = apr,
    year = {2012},
    pages = {145504}
}

@article{lupkeSSR99,
    title = {Characterization of semiconductor interfaces by second-harmonic generation},
    volume = {35},
    issn = {0167-5729},
    doi = {10.1016/S0167-5729(99)00007-2},
    pages = {75-161},
    number = {3},
    journal = {Surface Science Reports},
    author = {L{\"u}pke, G.},
    year = {1999}
}

@article{luppiJCP10,
    title = {Communications: Ab initio second-order nonlinear optics in solids},
    volume = {132},
    issn = {00219606},
    shorttitle = {Communications},
    doi = {10.1063/1.3457671},
    language = {en},
    number = {24},
    urldate = {2014-05-16},
    journal = jcp,
    author = {Luppi, Eleonora and Hübener, Hannes and Véniard, Valérie},
    year = {2010},
    pages = {241104}
}

@article{luppiPRB10,
    author = {Eleonora Luppi and Hannes H\"ubener and Val\'rie V\'eniard},
    title = {Ab initio second-order nonlinear optics in solids: Second-harmonic generation spectroscopy from time-dependent density-functional theory},
    journal = prb,
    year = {2010},
    volume = {82},
    pages = {235201}
}

@article{maytorenaPRB98,
    title = {Theory of surface sum frequency generation spectroscopy},
    volume = {57},
    number = {4},
    urldate = {2013-01-13},
    journal = prb,
    author = {Maytorena, J. A. and Mendoza, B. S. and Moch\'an, W. L.},
    year = {1998},
    pages = {2569}
}

@article{mcgilpOE94,
    title = {Probing semiconductor interfaces using nonlinear optical spectroscopy},
    volume = {33},
    issn = {0091-3286},
    doi = {10.1117/12.186373},
    number = {12},
    urldate = {2014-11-19},
    journal = {Opt. Eng},
    author = {McGilp, John F. and Cavanagh, Mark and Power, John R. and O'Mahony, J. D.},
    year = {1994},
    pages = {3895-3900}
}

@article{mcgilpSRL99,
    title = {Second-harmonic generation at semiconductor and metal surfaces},
    volume = {6},
    number = {03n04},
    urldate = {2013-01-19},
    journal = {Surface Review and Letters},
    author = {McGilp, J. F.},
    year = {1999},
    pages = {529-558}
}

@article{mejiaPRB02,
    title = {Surface second-harmonic generation from Si (111)(1x1) H: Theory versus experiment},
    volume = {66},
    shorttitle = {Surface second-harmonic generation from Si (111)(1\${\textbackslash}times\$ 1) H},
    number = {19},
    urldate = {2013-02-08},
    journal = prb,
    author = {Mejia, J. E. and Mendoza, B. S. and Palummo, M. and Onida, G. and Del Sole, R. and Bergfeld, S. and Daum, W.},
    year = {2002},
    pages = {195329}
}

@article{mejiaRMF04,
    title = {Layer-by-layer analysis of second harmonic generation at a simple surface},
    volume = {50},
    pages = {134-139},
    number = {2},
    journal = rmf,
    author = {J.E. Mej\'{\i}a and Bernardo .S. Mendoza and C. Salazar},
    year = {2004}
}

@article{mejiaSS01,
    title = {Second-harmonic generation from single-domain Si(1 0 0) surfaces},
    volume = {487},
    issn = {0039-6028},
    doi = {10.1016/S0039-6028(01)01090-1},
    pages = {180-190},
    number = {1},
    journal = {Surface Science},
    author = {Mejı́a, J. and Mendoza, B. S.},
    year = {2001}
}

@article{mendozaPRB01,
    title = {Ab initio calculation of second-harmonic-generation at the Si(100) surface},
    volume = {63},
    doi = {10.1103/PhysRevB.63.205406},
    pages = {205406},
    number = {20},
    journal = prb,
    author = {Mendoza, Bernardo S. and Palummo, Maurizia and Onida, Giovanni and Del Sole, Rodolfo},
    year = {2001}
}

@article{mendozaPRB06,
    title = {Layer-by-layer analysis of the linear optical response of clean and hydrogenated Si(100) surfaces},
    volume = {74},
    issn = {1098-0121, 1550-235X},
    doi = {10.1103/PhysRevB.74.075318},
    pages = {075318},
    number = {7},
    journal = prb,
    author = {Mendoza, Bernardo and Nastos, F. and Arzate, N. and Sipe, J.},
    year = {2006}
}

@article{mendozaPRB96a,
    title = {Exactly solvable model of surface second-harmonic generation},
    volume = {53},
    number = {8},
    urldate = {2012-10-02},
    journal = prb,
    author = {Mendoza, B. S. and Moch\'an, W. L.},
    year = {1996},
    pages = {4999}
}

@article{mendozaPRB96b,
    title = {Local-field effect in the second-harmonic-generation spectra of Si surfaces},
    volume = {53},
    pages = {10473–10476},
    number = {16},
    journal = prb,
    author = {Mendoza, B. S. and Moch\'an, W. L.},
    year = {1996}
}

@article{mendozaPRB97,
    title = {Polarizable-bond model for second-harmonic generation},
    volume = {55},
    pages = {2489},
    number = {4},
    journal = prb,
    author = {Mendoza, B. S. and Moch\'an, W. L.},
    year = {1997}
}

@article{mendozaPRB99,
    title = {Visible-infrared sum and difference frequency generation at adsorbate-covered Au},
    volume = {60},
    pages = {14334},
    number = {20},
    journal = prb,
    author = {Mendoza, B. S. and Moch\'an, W. L. and Maytorena, J. A.},
    year = {1999}
}

@article{mendozaPRL98,
    title = {Microscopic theory of second harmonic generation at Si (100) surfaces},
    volume = {81},
    pages = {3781–3784},
    number = {17},
    journal = prl,
    author = {Mendoza, B. S. and Gaggiotti, A. and Del Sole, R.},
    year = {1998}
}

@article{meyerPRL95,
    title = {Electronic Transitions at Si(111)/{SiO}2 and Si(111)/S3N4 Interfaces Studied by Optical Second-Harmonic Spectroscopy},
    volume = {74},
    doi = {10.1103/PhysRevLett.74.3001},
    number = {15},
    urldate = {2013-02-12},
    journal = {Phys. Rev. Lett.},
    author = {Meyer, C. and Lüpke, G. and Emmerichs, U. and Wolter, F. and Kurz, H. and Bjorkman, C. H. and Lucovsky, G.},
    month = apr,
    year = {1995},
    pages = {3001-3004}
}

@article{mitchellSS01,
    title = {Second harmonic generation spectroscopy of chemically modified Si(1 1 1) surfaces},
    volume = {488},
    issn = {0039-6028},
    doi = {10.1016/S0039-6028(01)01161-X},
    number = {3},
    urldate = {2014-11-19},
    journal = {Surface Science},
    author = {Mitchell, S. A and Mehendale, M and Villeneuve, D. M and Boukherroub, R},
    month = aug,
    year = {2001},
    pages = {367-378}
}

@article{mizrahiJOSA88,
    title = {Phenomenological treatment of surface second-harmonic generation},
    volume = {5},
    pages = {660–667},
    number = {3},
    journal = {Journal of the Optical Society of America B},
    author = {Mizrahi, V. and Sipe, J. E.},
    year = {1988}
}

@article{mottaCMS10,
    title = {Implementation of techniques for computing optical properties in 0–3 dimensions, including a real-space cutoff, in {ABINIT}},
    volume = {50},
    issn = {0927-0256},
    doi = {10.1016/j.commatsci.2010.09.036},
    pages = {698-703},
    number = {2},
    journal = {Computational Materials Science},
    author = {Motta, Carlo and Giantomassi, Matteo and Cazzaniga, Marco and Gaál-Nagy, Katalin and Gonze, Xavier},
    year = {2010}
}

@article{nastosPRB05,
    title = {Scissors implementation within length-gauge formulations of the frequency-dependent nonlinear optical response of semiconductors},
    volume = {72},
    doi = {10.1103/PhysRevB.72.045223},
    pages = {045223},
    number = {4},
    journal = prb,
    author = {Nastos, F. and Olejnik, B. and Schwarz, K. and Sipe, J. E.},
    year = {2005}
}

@article{nastosPRB07,
    title = {Full band structure {LDA} and k∙p calculations of optical spin-injection},
    volume = {76},
    issn = {1098-0121, 1550-235X},
    doi = {10.1103/PhysRevB.76.205113},
    number = {20},
    urldate = {2013-06-08},
    journal = {Physical Review B},
    author = {Nastos, F. and Rioux, J. and Strimas-Mackey, M. and Mendoza, Bernardo and Sipe, J.},
    month = nov,
    year = {2007}
}

@article{nicolasPRB14,
    title = {Effect of material properties on the accuracy of antiresonant approximation: Linear and second-order optical responses},
    volume = {90},
    shorttitle = {Effect of material properties on the accuracy of antiresonant approximation},
    doi = {10.1103/PhysRevB.90.035212},
    number = {3},
    urldate = {2014-11-19},
    journal = prb,
    author = {Tancogne-Dejean, Nicolas and Mendoza, Bernardo S. and Véniard, Valérie},
    month = jul,
    year = {2014},
    pages = {035212}
}

@article{onidaRMP02,
    title = {Electronic excitations: density-functional versus many-body Green’s-function approaches},
    volume = {74},
    shorttitle = {Electronic excitations},
    number = {2},
    urldate = {2013-04-20},
    journal = {Reviews of Modern Physics},
    author = {Onida, Giovanni and Reining, Lucia and Rubio, Angel},
    year = {2002},
    pages = {601}
}

@article{powerPRL95,
    title = {Resonant Optical Second Harmonic Generation at the Steps of Vicinal Si(001)},
    volume = {75},
    doi = {10.1103/PhysRevLett.75.1138},
    number = {6},
    urldate = {2013-02-12},
    journal = {Phys. Rev. Lett.},
    author = {Power, J. R. and O'Mahony, J. D. and Chandola, S. and McGilp, J. F.},
    month = aug,
    year = {1995},
    pages = {1138-1141}
}

@article{rashkeevPRB98,
    title = {Efficient ab initio method for the calculation of frequency-dependent second-order optical response in semiconductors},
    volume = {57},
    doi = {10.1103/PhysRevB.57.3905},
    pages = {3905-3919},
    number = {7},
    journal = prb,
    author = {Rashkeev, Sergey N. and Lambrecht, Walter R. L. and Segall, Benjamin},
    year = {1998}
}

@article{reiningPRB94,
    title = {Microscopic calculation of second-harmonic generation at semiconductor surfaces: As/Si(111) as a test case},
    volume = {50},
    doi = {10.1103/PhysRevB.50.8411},
    shorttitle = {Microscopic calculation of second-harmonic generation at semiconductor surfaces},
    pages = {8411-8422},
    number = {12},
    journal = prb,
    author = {Reining, Lucia and Del Sole, R. and Cini, M. and Ping, Jiang Guo},
    year = {1994}
}

